@article{Khirevich2010,
    author = {Khirevich, S. and Daneyko, A. and H\"{o}ltzel, A. and Seidel-Morgenstern, A. and Tallarek, U.},
    url    = "http://engineering.purdue.edu/~mark/puthesis",
    journal = {Journal of Chromatography A},
    shortjournal = {J. Chromatogr. A},
    pages = {4713--4722},
    title = {Statistical analysis of packed beds, the origin of short-range disorder}
    volume = {1217},
    year = {2010}
}

@misc{Prueba,
 author = {N.Cordon, Otro.Cord√≥n}
 title = {Titulo}
 howpublished = "\url{http://www.google.es}"
}