@online{apt,
    author    = "Chapter 2. Debian package management",
    title     = "Package activity logs",
    url       = "https://www.debian.org/doc/manuals/debian-reference/ch02.en.html"
}
@online{yum,
    title     = "Linux Log Files Location",
    url       = "http://www.cyberciti.biz/faq/linux-log-files-location-and-how-do-i-view-logs-files/"
}
@online{logs,
    author    = "Linux Log Files",
    title     = "Log Rotation",
    url       = "https://help.ubuntu.com/community/LinuxLogFiles"
}