@online{ej2,
    title     = "Using yum with a proxy server",
    url       = "https://www.centos.org/docs/5/html/yum/sn-yum-proxy-server.html"
}

@online{aptproxy,
    author    = "AptGet/Howto",
    title     = "Setting up apt-get to use a http-proxy",
    url       = "https://help.ubuntu.com/community/AptGet/Howto#Setting_up_apt-get_to_use_a_http-proxy"
}

@online{aptrepo,
    author    = "Repositories/CommandLine",
    title     = "Adding repositories",
    url       = "https://help.ubuntu.com/community/Repositories/CommandLine"
}

@online{linuxssh,
    title     = "Difference between Telnet and SSH",
    url       = "http://www.linuxquestions.org/questions/linux-newbie-8/difference-between-telnet-and-ssh-503812/"
}

@online{sshtelnet,
    author    = "DifferenceBetween.net",
    title     = "Difference between Telnet and SSH",
    url       = "http://www.differencebetween.net/technology/internet/difference-between-telnet-and-ssh/"
}