@online{phor,
    author    = "Ubuntu Wiki",
    title     = "Phoronix Test Suite HowTo",
    url       = "https://wiki.ubuntu.com/PhoronixTestSuite"
}